@book{李文威卷一,
  shorthand={wwli卷一},
  title={代数学方法: 基础架构. 第一卷},
  isbn={9787040507256},
  author={李文威},
  url={https://www.wwli.asia/downloads/books/Al-jabr-1.pdf},
  year={2019},
  publisher={高等教育出版社}
}
@book{李文威卷二,
  shorthand={wwli卷二},
  title={代数学方法: 线性代数. 第二卷},
  author={李文威},
  url={https://www.wwli.asia/downloads/books/Al-jabr-2.pdf},
  year={2023},
  publisher={暂未出版}
}
@misc{Kerodon,
    shorthand={Kerodon},
    title        = {Kerodon},
    author       = {Jacob Lurie},
    howpublished = {\url{https://kerodon.net}},
    year         = {2018},
  }
@misc{SP,
  shorthand={Stacks Project},
  title={The Stacks Project},
  author={Aise Johan de Jong},
  year={2024},
  url={https://stacks.math.columbia.edu/}
}
@book{HTT,
  shorthand={HTT},
  title={Higher Topos Theory},
  author={Lurie, J.},
  isbn={9780691140483},
  lccn={2008038170},
  series={Academic Search Complete},
  url={https://people.math.harvard.edu/~lurie/papers/highertopoi.pdf},
  year={2009},
  publisher={Princeton University Press}
}
@online{Rezk21,
  shorthand={RezkQuasi-Cat},
  title = {Introduction to Quasi-Categories},
  author={Charles Rezk},
  url={https://people.math.rochester.edu/faculty/doug/otherpapers/Rezk-quasicats-intro.pdf},
  year = {2021}
}
@book{Land,
  shorthand={Land},
  title={Introduction to Infinity-Categories},
  author={Markus Land},
  isbn={978-3-030-61523-9},
  series={Compact Textbooks in Mathematics},
  url={https://doi.org/10.1007/978-3-030-61524-6},
  year={22 April 2021},
  publisher={Birkhäuser Cham}
}
@book{BV2006,
  shorthand={BV06},
  title={Homotopy invariant algebraic structures on topological spaces},
  author={Boardman, John Michael and Vogt, Rainer M},
  volume={347},
  year={2006},
  publisher={Springer}
}
@article{joyal2008notes,
  shorthand = {Joyal08},
  title={Notes on quasi-categories},
  author={Joyal, Andr{\'e}},
  journal={preprint},
  url={https://www.math.uchicago.edu/~may/IMA/Joyal.pdf},
  year={2008}
}
@book{HA,
  shorthand={HA},
  title={Higher Algebra},
  author={Lurie, J.},
  url={https://people.math.harvard.edu/~lurie/papers/HA.pdf},
  publisher={preprint},
  year={2017}
}
@misc{BS13,
      shorthand={BS13},
      title={The pro-\'etale topology for schemes}, 
      author={Bhargav Bhatt and Peter Scholze},
      year={2014},
      eprint={1309.1198},
      archivePrefix={arXiv},
      url={https://arxiv.org/abs/1309.1198},
      primaryClass={math.AG}
}
@misc{解析叠,
    shorthand={解析叠},
    title={解析叠讲义},
    author={刘欧,解析叠讨论班全体主讲人},
    url={https://www.overleaf.com/read/jrbmstwcgnzg#39811a},
    year={2024}
}
@misc{平展笔记,
    shorthand={平展上同调},
    title={\'Etale Cohomology讨论班记录},
    author={刘欧,平展上同调讨论班全体主讲人},
    url={https://www.overleaf.com/read/fhcmrhkdqfxq#336bc5},
    year={2024}
}
@article{Joyal,
  shorthand={Joyal02},
  title={Quasi-categories and Kan complexes},
  author={Joyal, Andr{\'e}},
  journal={Journal of Pure and Applied Algebra},
  volume={175},
  number={1-3},
  pages={207--222},
  year={2002},
  publisher={Elsevier}
}
@book{may1992simplicial,
  shorthand={May92},
  title={Simplicial Objects in Algebraic Topology},
  author={May, J.P.},
  isbn={9780226511818},
  lccn={82051078},
  series={Chicago Lectures in Mathematics},
  url={https://ncatlab.org/nlab/files/May_SimplicialObjectsInAlgebraicTopology.pdf},
  year={1992},
  publisher={University of Chicago Press}
}
@book{Gabriel-Zisman67,
  shorthand={GZ67},
  title={Calculus of Fractions and Homotopy Theory},
  author={Gabriel, P. and Zisman, M.},
  isbn={9783642858451},
  lccn={lc67010470},
  series={Ergebnisse der Mathematik und ihrer Grenzgebiete},
  url={https://books.google.com.hk/books?id=rtDWwQEACAAJ},
  year={1967},
  publisher={3Island Press}
}
@book{Hovey,
  shorthand={Hovey},
  title={Model categories},
  author={Hovey, Mark},
  number={63},
  year={2007},
  url={https://ericmalm.net/ac/projects/symmetric-spectra/hovey--model-cats.pdf},
  publisher={American Mathematical Soc.}
}
@misc{SixFunctors,
    shorthand={SixFunctors},
    title={Six-Functor Formalisms},
    author={Scholze, P.},
    url={https://people.mpim-bonn.mpg.de/scholze/SixFunctors.pdf},
    year={2022}
}
@misc{代数几何笔记,
    shorthand={代数几何},
    title={代数几何笔记},
    author={刘欧},
    url={https://www.bananaspace.org/wiki/%E7%94%A8%E6%88%B7:%E9%81%97%E5%BF%98%E7%9A%84%E5%B7%A6%E4%BC%B4%E9%9A%8F/%E4%BB%A3%E6%95%B0%E5%87%A0%E4%BD%95},
    year = {2024}
}
@misc{Mit-AT-II,
  shorthand={18.906},
  title={18.906 Algebraic Topology II},
  author={Haynes Miller},
  year={2020},
  url={https://ocw.mit.edu/courses/18-906-algebraic-topology-ii-spring-2020/pages/syllabus/}
}
@misc{StricklandCGWH,
  shorthand={CGWH},
  title={The category of CGWH spaces},
  author={N.P.Strickland},
  url={https://ncatlab.org/nlab/files/StricklandCGHWSpaces.pdf}
}
@misc{李思,
  shorthand={李思AT},
  title={Introduction to algebraic Topology},
  author={李思},
  url={https://sili-math.github.io/AT2020/Algebraic-Topology.2020.pdf},
  year = {2020}
  }